@InProceedings{Guttman1984,
  author    = {Antonin Guttman},
  booktitle = {SIGMOD'84, Proceedings of Annual Meeting, Boston, Massachusetts, USA, June 18-21, 1984},
  title     = {R-Trees: {A} Dynamic Index Structure for Spatial Searching},
  year      = {1984},
  editor    = {Beatrice Yormark},
  pages     = {47--57},
  publisher = {{ACM} Press},
  bibsource = {dblp computer science bibliography, https://dblp.org},
  biburl    = {https://dblp.org/rec/conf/sigmod/Guttman84.bib},
  doi       = {10.1145/602259.602266},
}

@InCollection{Papadopoulos2018,
  author    = {Apostolos N. Papadopoulos and Antonio Corral and Alexandros Nanopoulos and Yannis Theodoridis},
  booktitle = {Encyclopedia of Database Systems, Second Edition},
  publisher = {Springer},
  title     = {R-Tree (and Family)},
  year      = {2018},
  editor    = {Ling Liu and M. Tamer {\"{O}}zsu},
  bibsource = {dblp computer science bibliography, https://dblp.org},
  biburl    = {https://dblp.org/rec/reference/db/PapadopoulosCNT18.bib},
  doi       = {10.1007/978-1-4614-8265-9_300},
}

@Book{Manolopoulos2006,
  author    = {Yannis Manolopoulos and Alexandros Nanopoulos and Apostolos N. Papadopoulos and Yannis Theodoridis},
  publisher = {Springer},
  title     = {R-Trees: Theory and Applications},
  year      = {2006},
  isbn      = {978-1-85233-977-7},
  series    = {Advanced Information and Knowledge Processing},
  bibsource = {dblp computer science bibliography, https://dblp.org},
  biburl    = {https://dblp.org/rec/series/aikp/ManolopoulosNPT06.bib},
  doi       = {10.1007/978-1-84628-293-5},
}

@Misc{SFU-RTree,
  title = {R-Tree},
  url   = {https://www2.cs.sfu.ca/CourseCentral/454/jpei/slides/R-Tree.pdf},
}

@Comment{jabref-meta: databaseType:bibtex;}
